<record><leader>00000cas a2200000 a 4500</leader><controlfield tag="001">35331745</controlfield><controlfield tag="008">960831u1989uuuuiluwr ne      0   a0eng c</controlfield><datafield ind1=" " ind2=" " tag="010"><subfield code="a">sn 93070055 </subfield></datafield><datafield ind1=" " ind2=" " tag="040"><subfield code="a">CVF</subfield><subfield code="b">eng</subfield><subfield code="c">CVF</subfield><subfield code="d">OCL</subfield><subfield code="d">OCLCQ</subfield><subfield code="d">OCLCF</subfield><subfield code="d">NVF</subfield><subfield code="d">OCLCO</subfield></datafield><datafield ind1="1" ind2=" " tag="029"><subfield code="a">AU@</subfield><subfield code="b">000012843180</subfield></datafield><datafield ind1=" " ind2=" " tag="042"><subfield code="a">pcc</subfield></datafield><datafield ind1=" " ind2=" " tag="043"><subfield code="a">n-us-il</subfield></datafield><datafield ind1="0" ind2="0" tag="245"><subfield code="a">Franklin Park-Schiller Park times.</subfield></datafield><datafield ind1="3" ind2=" " tag="246"><subfield code="a">Franklin Park Schiller Park times</subfield></datafield><datafield ind1=" " ind2=" " tag="260"><subfield code="a">[Harwood Heights, Ill.] :</subfield><subfield code="b">Pulitzer-Lerner Newspapers,</subfield><subfield code="c">1989-</subfield></datafield><datafield ind1=" " ind2=" " tag="300"><subfield code="a">v.</subfield></datafield><datafield ind1=" " ind2=" " tag="321"><subfield code="a">Weekly</subfield></datafield><datafield ind1="0" ind2=" " tag="362"><subfield code="a">Apr. 20, 1989-</subfield></datafield><datafield ind1=" " ind2=" " tag="580"><subfield code="a">Separated from: Franklin Park times and: Schiller Park times.</subfield></datafield><datafield ind1=" " ind2=" " tag="588"><subfield code="a">Latest issue consulted: May 2, 1991.</subfield></datafield><datafield ind1=" " ind2="0" tag="651"><subfield code="a">Franklin Park (Ill.)</subfield><subfield code="v">Newspapers.</subfield></datafield><datafield ind1=" " ind2="0" tag="651"><subfield code="a">Schiller Park (Ill.)</subfield><subfield code="v">Newspapers.</subfield></datafield><datafield ind1=" " ind2="7" tag="651"><subfield code="a">Illinois</subfield><subfield code="z">Franklin Park.</subfield><subfield code="2">fast</subfield><subfield code="0">(OCoLC)fst01226533</subfield></datafield><datafield ind1=" " ind2="7" tag="651"><subfield code="a">Illinois</subfield><subfield code="z">Schiller Park.</subfield><subfield code="2">fast</subfield><subfield code="0">(OCoLC)fst01232801</subfield></datafield><datafield ind1=" " ind2="7" tag="655"><subfield code="a">Newspapers.</subfield><subfield code="2">fast</subfield><subfield code="0">(OCoLC)fst01423814</subfield></datafield><datafield ind1=" " ind2=" " tag="752"><subfield code="a">United States</subfield><subfield code="b">Illinois</subfield><subfield code="c">Cook</subfield><subfield code="d">Harwood Heights.</subfield></datafield><datafield ind1="1" ind2="7" tag="780"><subfield code="t">Franklin Park times</subfield><subfield code="w">(DLC)sn 93057131</subfield><subfield code="w">(OCoLC)29186436</subfield></datafield><datafield ind1="1" ind2="7" tag="780"><subfield code="t">Schiller Park times</subfield><subfield code="w">(DLC)sn 93057130</subfield><subfield code="w">(OCoLC)29186433</subfield></datafield></record>